@INBOOK{
    mapreducepatters,
    author = "Donald Miner and Adam Shook",
    title = "MapReduce Design Patterns",
    publisher = "O'Rielly",
    year = "2012",
    pages = "58-65",
}